@article{epstein2008model,
  title={Why model?},
  author={Epstein, Joshua M},
  journal={Journal of Artificial Societies and Social Simulation},
  volume={11},
  number={4},
  pages={12},
  year={2008}
}

@book{gill2007bayesian,
  title={Bayesian methods: A social and behavioral sciences approach},
  author={Gill, Jeff},
  year={2007},
  publisher={CRC press}
}

@book{gelman2013bayesian,
  title={Bayesian data analysis},
  author={Gelman, Andrew and Carlin, John B and Stern, Hal S and Dunson, David B and Vehtari, Aki and Rubin, Donald B},
  year={2013},
  publisher={CRC press}
}